%% This BibTeX bibliography file was created using BibDesk.
%% http://bibdesk.sourceforge.net/


%% Created for Adam Mulligan at 2012-01-21 16:50:17 +0000 


%% Saved with string encoding Unicode (UTF-8) 



@book{Hardy:1959ve,
	Author = {G. H. Hardy and E. M. Wright},
	Date-Added = {2012-01-21 16:48:55 +0000},
	Date-Modified = {2012-01-21 16:49:27 +0000},
	Edition = {4th},
	Publisher = {Oxford University Press},
	Title = {An Introduction to the Theory of Numbers},
	Year = {1959}}

@book{Wagner:2003ly,
	Author = {Neal R. Wagner},
	Date-Added = {2012-01-21 16:47:51 +0000},
	Date-Modified = {2012-01-21 16:48:29 +0000},
	Edition = {2nd},
	Title = {The Laws of Cryptography},
	Year = {2003}}

@book{Cormen:2009zr,
	Author = {Thomas H. Cormen and Charles E. Leiserson and Ronald L. Rivest and Clifford Stein},
	Date-Added = {2012-01-21 16:47:00 +0000},
	Date-Modified = {2012-01-21 16:47:46 +0000},
	Edition = {3rd},
	Publisher = {MIT Press},
	Title = {Introduction to Algorithms},
	Year = {2009}}

@book{Shigeoka:2002ys,
	Author = {Ian Shigeoka},
	Date-Added = {2012-01-21 16:46:25 +0000},
	Date-Modified = {2012-01-21 16:46:54 +0000},
	Publisher = {Manning},
	Title = {Instant Messaging in Java},
	Year = {2002}}

@book{Stintson:1995vn,
	Author = {Douglas Stintson},
	Date-Added = {2012-01-21 16:45:00 +0000},
	Date-Modified = {2012-01-21 16:45:14 +0000},
	Edition = {1},
	Publisher = {CRC Press},
	Title = {Cryptography: Theory and Practice},
	Year = {1995}}

@book{Alfred-Menezes:1996kx,
	Author = {Alfred Menezes and Paul van Oorschot and Scott Vanstone},
	Date-Added = {2012-01-21 16:43:35 +0000},
	Date-Modified = {2012-01-21 16:46:04 +0000},
	Edition = {5th},
	Publisher = {CRC Press},
	Title = {Handbook of Applied Cryptography (Discrete Mathematics and Its Applications)},
	Year = {1996}}

@book{Mao:2003uq,
	Author = {Wenbo Mao},
	Date-Added = {2012-01-21 16:41:43 +0000},
	Date-Modified = {2012-01-21 16:42:23 +0000},
	Edition = {1st},
	Publisher = {Prentice Hall},
	Title = {Modern Cryptography: Theory and Practice},
	Year = {2003}}

@book{Schneier:1996fk,
	Author = {Bruce Schneier},
	Date-Added = {2012-01-21 16:39:30 +0000},
	Date-Modified = {2012-01-21 16:41:39 +0000},
	Edition = {2nd},
	Publisher = {Wiley},
	Title = {Applied Cryptography: Protocols, Algorithms, and Source Code in C},
	Year = {1996}}
